<record><leader>00000cas a22000007a 4500</leader><controlfield tag="001">17616052</controlfield><controlfield tag="008">880311d18uu18uupauuu ne      0    0eng d</controlfield><datafield ind1=" " ind2=" " tag="010"><subfield code="a">sn 88079184 </subfield></datafield><datafield ind1=" " ind2=" " tag="040"><subfield code="a">NPH</subfield><subfield code="b">eng</subfield><subfield code="c">NPH</subfield><subfield code="d">OCLCQ</subfield><subfield code="d">AQM</subfield></datafield><datafield ind1=" " ind2=" " tag="042"><subfield code="a">msc</subfield></datafield><datafield ind1="0" ind2="4" tag="245"><subfield code="a">The Herald of freedom, and Clay, Frelinghuysen &amp; Markle straightout champion.</subfield></datafield><datafield ind1="3" ind2="0" tag="246"><subfield code="a">Herald of freedom</subfield></datafield><datafield ind1=" " ind2=" " tag="260"><subfield code="a">Orwigsburg, Pa. :</subfield><subfield code="b">Benjamin Bannan</subfield></datafield><datafield ind1=" " ind2=" " tag="300"><subfield code="a">v. ;</subfield><subfield code="c">29 cm.</subfield></datafield><datafield ind1=" " ind2=" " tag="588"><subfield code="a">Description based on: July 30, 1844.</subfield></datafield><datafield ind1=" " ind2="7" tag="655"><subfield code="a">Campaign newspapers.</subfield><subfield code="2">ngl</subfield></datafield><datafield ind1=" " ind2=" " tag="752"><subfield code="a">United States</subfield><subfield code="b">Pennsylvania</subfield><subfield code="c">Schuylkill</subfield><subfield code="d">Orwigsburg.</subfield></datafield></record>